% Jia Wu Bibliography
% Defined for Compositional Data Analysis Centering

@article{auer2010,
	author = "Auer, P. L. and Doerge, R.W.",
	title = "Statistical Design and Analysis of RNA Sequencing Data",
	journal = "GEnetics",
	year = "2010",
	volume = "185",
	issue = "2",
	doi = "doi:10.1534/genetics.110.114983.",
}

@book{mcdonald2014,
	author = "McDonald, J.H.",
	title = "Handbook of Biological Statistics (3rd ed.)",
	publisher = "Sparky House Publishing",
	pages = "77-85",
}

@article{fernandes2013,
	author = "Fernandes, A.D. and Macklaim, J.M. and Linn, T.G. and Reid, G. and Gloor, G.B.",
	title = "ANOVA-Like Differential Expression (ALDEx) Analysis for Mixed Population RNA-Seq.",
	journal = "PLoS ONE",
	year = "2013",
	volume = "8",
	issue = "7",
}

@article{fernandes2014,
	author = "Fernandes, A.D. and Reid, J. and Macklaim, J.M. and McMurrough, T.A and Edgell, D.R. and Gloor B.G.",
	title = "Unifying the analysis of high-throughput sequencing datasets: characterizing RNA-seq, 16S rRNA gene sequencing and selective growth experiments by compositional data analysis.",
	journal = "Microbiome",
	year = "2014",
	volume = "2",
	issue = "15",
}

@article{tarazona2011,
	author = "Tarazona, S. and García-Alcalde, F. and Dopazo, J. and Ferrer, A. and Conesa, A.",
	title = "Differential expression in RNA-seq: A matter of depth.",
	journal = "Genome Research.",
	year = "2011",
	volume = "22",
	issue = "12",
	doi = "doi:10.1101/gr.124321.111",
}

@book{aitchison1986,
	author = "Aitchison, J.",
	title = "The statistical analysis of compositional data.",
	isbn = "0-412-28060-4",
	publisher = "Chapman \& Hall",
	year = "1986",
}

@article{dillies2012,
	author = "Marie-Agne's Dillies and Andrea Rau and Julie Aubert and Christelle Hennequet-Antier and Marine Jeanmougin and Nicolas Servant and Ce¤ line Keime and Guillemette Marot and David Castel and Jordi Estelle and Gregory Guernec and Bernd Jagla and Luc Jouneau and Denis Laloe and Caroline Le Gall and Brigitte Schaeffer and Stephane Le Crom and Mickael Guedj and Florence Jaffrezic",
	title = "A comprehensive evaluation of normalization methods for Illumina high-throughput RNA sequencing data analysis",
	journal = "Briefings In Bioinformatics",
	year = "2012",
	volume = "14",
	issue = "6",
}
@article{lovell2011,
	author = "Lovell, D. and Muller, W. and Taylor, J. and Zwart, A. and Helliwell, C. and Pawlowsky-Glahn, V. and Buccianti, A.",
	title = "Proportions, percentages, ppm: do the molecular biosciences treat compositional data right?",
	journal = "Compositional Data Anal: Theory Appl.",
	year = "2011",
}
